@book{cormen,
  author    = {CORMEN, T. H.; LEISERSON, C. E.; RIVEST, R. L.; STEIN, C.},
  title     = {Algoritmos: Teoria e Pr√°tica 3. ed. Rio de Janeiro: Elsevier, 2012},
  publisher = {MIT Press},
  year      = {2012},
  edition   = {3th},
}